<collection xmlns="http://www.loc.gov/MARC21/slim"><record><leader>00730nam  2200229   450</leader><controlfield tag="001">81</controlfield><controlfield tag="003">http://montalegre.opacnet.com/OPAC/default.aspx?ContentAreaControl=ShowRegHoldings.ascx&amp;RegNo=16662</controlfield><datafield tag="021" ind1=" " ind2=" "><subfield code="a">PT</subfield><subfield code="b">19061/87</subfield></datafield><datafield tag="095" ind1=" " ind2=" "><subfield code="a">PTBN00112465</subfield></datafield><datafield tag="100" ind1=" " ind2=" "><subfield code="a">2061013 d1987    em y0pora010305  ba</subfield></datafield><datafield tag="101" ind1="1" ind2=" "><subfield code="a">por</subfield><subfield code="c">eng</subfield></datafield><datafield tag="102" ind1=" " ind2=" "><subfield code="a">PT</subfield></datafield><datafield tag="200" ind1="1" ind2=" "><subfield code="a">Agarra o dia</subfield><subfield code="f">Saul Bellow</subfield><subfield code="g">trad. Bernardo Antunes Navarro</subfield></datafield><datafield tag="210" ind1=" " ind2=" "><subfield code="a">Lisboa</subfield><subfield code="c">Fragmentos</subfield><subfield code="d">D.L. 1987</subfield></datafield><datafield tag="215" ind1=" " ind2=" "><subfield code="a">112 p.</subfield><subfield code="d">24 cm</subfield></datafield><datafield tag="225" ind1="2" ind2=" "><subfield code="a">Romance</subfield><subfield code="v">4</subfield></datafield><datafield tag="304" ind1=" " ind2=" "><subfield code="a">Tít. orig. : Seize the day</subfield></datafield><datafield tag="675" ind1=" " ind2=" "><subfield code="a">820</subfield><subfield code="v">BN</subfield><subfield code="z">por</subfield></datafield><datafield tag="700" ind1=" " ind2="1"><subfield code="a">Bellow</subfield><subfield code="b">Saul</subfield><subfield code="f">1915</subfield></datafield><datafield tag="702" ind1=" " ind2="1"><subfield code="a">Navarro</subfield><subfield code="b">Bernardo Antunes</subfield><subfield code="4">730</subfield></datafield><datafield tag="801" ind1=" " ind2="0"><subfield code="a">PT</subfield><subfield code="b">Biblioteca Municipal de Montalegre</subfield><subfield code="g">RPC</subfield></datafield><datafield tag="856" ind1=" " ind2=" "><subfield code="u">locateMedia.asp?cod=20060508145659&amp;ext=jpg</subfield><subfield code="z">CAPA</subfield></datafield><datafield tag="909" ind1="&#9;" ind2=" "><subfield code="a">1</subfield></datafield><datafield tag="966" ind1=" " ind2=" "><subfield code="a">0008299</subfield><subfield code="l">BMM</subfield><subfield code="s">SCG 821 BEL aga 4</subfield></datafield></record></collection>